<?xml version="1.0" encoding="utf-8"?>
<record xmlns="http://www.loc.gov/MARC21/slim" xmlns:xsi="http://www.w3.org/2001/XMLSchema-instance" xsi:schemaLocation="http://www.loc.gov/MARC21/slim http://www.loc.gov/standards/marcxml/schema/MARC21slim.xsd">
	<leader>     nam a22        4500</leader>
	<controlfield tag="001">2488991</controlfield>
	<controlfield tag="003">NNC</controlfield>
	<controlfield tag="006">m        d        </controlfield>
	<controlfield tag="007">cr cn |||m|||a</controlfield>
	<controlfield tag="008">170117m19511969ua c    o     000 0 ara  </controlfield>
	<datafield ind1=" " ind2=" " tag="040">
		<subfield code="a">NNU</subfield>
		<subfield code="b">eng</subfield>
		<subfield code="e">rda</subfield>
		<subfield code="c">NNU</subfield>
	</datafield>
	<datafield ind1=" " ind2="4" tag="050">
		<subfield code="a">BX137.A5</subfield>
		<subfield code="b">A7 1969b</subfield>
	</datafield>
	<datafield ind1="2" ind2=" " tag="110">
		<subfield code="a">Coptic Church.</subfield>
	</datafield>
	<datafield ind1="1" ind2="0" tag="240">
		<subfield code="6">880-01</subfield>
		<subfield code="a">Sankasār.</subfield>
		<subfield code="l">Arabic</subfield>
	</datafield>
	<datafield ind1="1" ind2="0" tag="245">
		<subfield code="6">880-02</subfield>
		<subfield code="a">Kitāb al-Sankasār al-jāmiʻ li-akhbār al-anbiyāʼ wa-al-rusul wa-al-shuhadāʼ wa-al-qiddīsīn al-mustaʻmal fī Kanāʼis al-Karāzah al-Marqasīyah fī ayyām wa-Āḥād al-sanah al-Tūtīyah,</subfield>
		<subfield code="c">waḍʻ al-Anbā Buṭrus al-Jamīl asqaf Malīj wa-al-Anbā Mīkhāʼīl asqaf Atrīb wa-al-Anbā Yuḥannā asqaf al-Barlis wa-ghayrahum min al-Ābāʼ al-qiddīsīn.</subfield>
	</datafield>
	<datafield ind1="3" ind2=" " tag="246">
		<subfield code="6">880-03</subfield>
		<subfield code="a">Sankasār</subfield>
	</datafield>
	<datafield ind1=" " ind2=" " tag="250">
		<subfield code="6">880-04</subfield>
		<subfield code="a">[al-Ṭabʻah 2].</subfield>
	</datafield>
	<datafield ind1=" " ind2=" " tag="260">
		<subfield code="6">880-05</subfield>
		<subfield code="a">al-Qāhirah,</subfield>
		<subfield code="b">Maktabat al-Maḥabbah al-Qubṭīyah al-Arthūdhuksīyah</subfield>
		<subfield code="c">[1951-[69]</subfield>
	</datafield>
	<datafield ind1=" " ind2=" " tag="300">
		<subfield code="a">online resource (2 volumes) :</subfield>
		<subfield code="b">portraits</subfield>
	</datafield>
	<datafield ind1=" " ind2=" " tag="336">
		<subfield code="a">text</subfield>
		<subfield code="2">rdacontent</subfield>
	</datafield>
	<datafield ind1=" " ind2=" " tag="337">
		<subfield code="a">computer</subfield>
		<subfield code="2">rdamedia</subfield>
	</datafield>
	<datafield ind1=" " ind2=" " tag="338">
		<subfield code="a">online resource</subfield>
		<subfield code="2">rdacarrier</subfield>
	</datafield>
	<datafield ind1=" " ind2=" " tag="500">
		<subfield code="a">Title in Coptic at head of title.</subfield>
	</datafield>
	<datafield ind1=" " ind2=" " tag="500">
		<subfield code="a">Authorship traditionally attributed, in whole or in part, to Michael, Bishop of Atrib and Malig. Cf. Graf, G. Gesch, d. christl. arb. Lit., v. 2 (1947) p. 416 f.</subfield>
	</datafield>
	<datafield ind1=" " ind2=" " tag="500">
		<subfield code="a">Vol. 2 revised by Kāmil Ṣāliḥ Nakhlah.</subfield>
	</datafield>
	<datafield ind1=" " ind2=" " tag="500">
		<subfield code="a">Part of the Arabic Collections Online (ACO) project, contributed by Columbia University Libraries.</subfield>
	</datafield>
	<datafield ind1="0" ind2=" " tag="505">
		<subfield code="a">Juzʼ 1. Min awwal shahr Tūt ḥattá nihāyat shahr Amshīr 1000.-Juzʼ 2. Min awwal shahr Barmahāt ḥattá nihāyat al-sanah al-Qubṭīyah. 1051.</subfield>
	</datafield>
	<datafield ind1=" " ind2=" " tag="533">
		<subfield code="a">Electronic reproduction.</subfield>
		<subfield code="b">New York, N.Y. :</subfield>
		<subfield code="c">New York University,</subfield>
		<subfield code="d">2017.</subfield>
		<subfield code="5">NNU</subfield>
	</datafield>
	<datafield ind1=" " ind2="0" tag="650">
		<subfield code="a">Lent</subfield>
		<subfield code="x">Liturgy</subfield>
		<subfield code="v">Texts.</subfield>
	</datafield>
	<datafield ind1=" " ind2="0" tag="650">
		<subfield code="a">Pentecost</subfield>
		<subfield code="v">Prayers and devotions.</subfield>
	</datafield>
	<datafield ind1=" " ind2="0" tag="650">
		<subfield code="a">Christian saints</subfield>
		<subfield code="x">Orthodox Eastern Church.</subfield>
	</datafield>
	<datafield ind1="0" ind2=" " tag="700">
		<subfield code="a">Mikhāʼīl,</subfield>
		<subfield code="c">Bp of Atrib and Maliq.</subfield>
	</datafield>
	<datafield ind1="2" ind2=" " tag="710">
		<subfield code="a">Columbia University.</subfield>
		<subfield code="b">Libraries.</subfield>
	</datafield>
	<datafield ind1="0" ind2=" " tag="730">
		<subfield code="a">Arabic Collections Online.</subfield>
	</datafield>
	<datafield ind1="0" ind2="8" tag="776">
		<subfield code="i">Online version:</subfield>
		<subfield code="a">Coptic Church.</subfield>
		<subfield code="s">Sankasār. Arabic.</subfield>
		<subfield code="t">Kitāb al-Sankasār al-jāmiʻ li-akhbār al-anbiyāʼ wa-al-rusul wa-al-shuhadāʼ wa-al-qiddīsīn al-mustaʻmal fī Kanāʼis al-Karāzah al-Marqasīyah fī ayyām wa-Āḥād al-sanah al-Tūtīyah.</subfield>
		<subfield code="b">[al-Ṭabʻah 2].</subfield>
		<subfield code="d">al-Qāhirah, Maktabat al-Maḥabbah al-Qubṭīyah al-Arthūdhuksīyah [1951-[69]</subfield>
		<subfield code="w">(OCoLC)588852066</subfield>
	</datafield>
	<datafield ind1="0" ind2="8" tag="776">
		<subfield code="i">Print version:</subfield>
		<subfield code="a">Coptic Church.</subfield>
		<subfield code="t">Kitāb al-Sankasār al-jāmiʻ li-akhbār al-anbiyāʼ wa-al-rusul wa-al-shuhadāʼ wa-al-qiddīsīn al-mustaʻmal fī Kanāʼis al-Karāzah al-Marqasīyah fī ayyām wa-Āḥād al-sanah al-Tūtīyah</subfield>
		<subfield code="w">(NNC)2488991</subfield>
		<subfield code="w">(DLC)   79961719 </subfield>
		<subfield code="w">(OCoLC)16110512</subfield>
	</datafield>
	<datafield ind1="4" ind2="0" tag="856">
		<subfield code="u">http://hdl.handle.net/2333.1/5hqbzqzp</subfield>
	</datafield>
	<datafield ind1="1" ind2="0" tag="880">
		<subfield code="6">240-01/r</subfield>
		<subfield code="a">سنكسار.</subfield>
		<subfield code="l">عربية</subfield>
	</datafield>
	<datafield ind1="1" ind2="0" tag="880">
		<subfield code="6">245-02/r</subfield>
		<subfield code="a">كتاب السنكسار الجامع لأخبار الأنبياء والرسل والشهداء والقديسين المستعمل في كنائس الكرازة المرقسية في أيام وآحاد السنة التوتية،</subfield>
		<subfield code="c">وضع الأنبا بطرس الجميل أسقف مليج والأنبا ميخائيل أسقف أتريب والأنبا يوحنا أسقف البرلس وغيرهم الآباء القديسين.</subfield>
	</datafield>
	<datafield ind1="3" ind2=" " tag="880">
		<subfield code="6">246-03/r</subfield>
		<subfield code="a">سكنسار</subfield>
	</datafield>
	<datafield ind1=" " ind2=" " tag="880">
		<subfield code="6">250-04/r</subfield>
		<subfield code="a">[الطبعة 2].</subfield>
	</datafield>
	<datafield ind1=" " ind2=" " tag="880">
		<subfield code="6">260-05/r</subfield>
		<subfield code="a">القاهرة،</subfield>
		<subfield code="b">مكتبة المحبة القبطية الأرثوزوكسية</subfield>
		<subfield code="c">[1951-[69]</subfield>
	</datafield>
	<datafield ind1="0" ind2=" " tag="880">
		<subfield code="6">700-00/r</subfield>
		<subfield code="a">بطرس الجميل.</subfield>
	</datafield>
	<datafield ind1="0" ind2=" " tag="880">
		<subfield code="6">700-00/r</subfield>
		<subfield code="a">مخائيل.</subfield>
	</datafield>
	<datafield ind1=" " ind2=" " tag="959">
		<subfield code="a">NNU</subfield>
		<subfield code="b">WEB</subfield>
		<subfield code="c">GENI</subfield>
		<subfield code="t">0</subfield>
		<subfield code="m">Electronic access</subfield>
		<subfield code="s">01</subfield>
	</datafield>
	<datafield ind1=" " ind2=" " tag="999">
		<subfield code="i">NNC_2488991</subfield>
		<subfield code="o">(OCoLC)ocm16110512 </subfield>
		<subfield code="s">columbia_aco002230:v.2</subfield>
		<subfield code="e">(ERROR-880)</subfield>
	</datafield>
</record>
